@Misc{
	forisek,
	author = {Mišo Forišek},
	title = {Základy typografie},
	url = {http://portal.ucmeradi.sk/plain.php/typografia.pdf},
	cited = "15.\,4.\,2017",
	year = {2005},
}

@Misc{
	blackletter,
	author = {Miloslav Kučera },
	title = {Starý ako blackletter – dejiny typografie I.},
	url = {https://detepe.sk/stary-ako-blackletter-dejiny-typografie-i/},
	cited = "15.\,4.\,2017",
	year = {2013},
}


@Misc {
	combfont,
	author = {Monika Zbínová},
	title = {10 rád pre profesionálne vyzerajúce dokumenty},
	url = {http://www.monicqa.sk/osobne/10-rad-pre-profesionalne-vyzerajuce-dokumenty/},
	cited = "15.\,4.\,2017",
	year = {2011},
}


@book{
	polyg,
	author = {Panák J., aj. },
	title = {Polygrafické minimum},
	isbn = {978-80-970069-0-7},
	edition = {3},
	year = {2008},
	publisher = {TYPOSET, s.r.o.},
}

@book{
	destype,
	author = {Nigel French},
	title = {InDesign Type: Professional Typography with Adobe® InDesign®},
	isbn = {978-0-321-68536-0},
	edition = {2},
	year = {2010},
	publisher = {Peachpit},
}

@MasterThesis{
	znaksad,
	author = {Martin Černý},
	title = {Znakové sady v typografických systémech},
	school = {Mendelova Zemědělská a Lesnická univerzita v Brne, Fakulta Provozně Ekonomická},
	year = {1999},
	type = {Diplomová práca},
	address = {Brno},
}

@BachelorThesis{
	chempc,
	author = {Eliška Cvingráfová},
	title = {Počítače v chemii},
	school = {Masarykova univerzita, Pedagogická fakulta, KATEDRA CHEMIE},
	year = {2011},
	type = {Bakalárska práca},
	address = {Brno},
}

@article{
        tlac,
        author = {Zdenka Marsová},
        title = {Odborný časopis českých polygrafů a typografů},
        journal = {Typografia},
        year = {2014},
        volume = {5},
        number = {46},
        issn = {0322-9068},
}

@article{
	basics,
	author = {Vlastimil Ott},
	title = {Základní typografické pojmy: Co byste měli vědět o písmu},
	journal = {Scripbus.cz},
	year = {2010},
}

@article{
	def,
	author = {Jozef Jurík},
	title = {Základy typografie – odstráňte základné chyby!},
	journal = {tvorim.net},
	year = {2015},
}
