@techreport{
	arp,
   AUTHOR = "David C. Plummer",
   TITLE = "{ An Ethernet Address Resolution Protocol}",
   HOWPUBLISHED = {Internet Requests for Comments},
   TYPE="{RFC}",
   NUMBER=826,
   YEAR = {1982},
   MONTH = {November},
   URL={https://tools.ietf.org/html/rfc826}
}


@techreport{
        ns,
   AUTHOR = "{T. Narten, E. Nordmark, W. Simpson, H. Soliman}",
   TITLE = "{ Neighbor Discovery for IP version 6 (IPv6)}",
   HOWPUBLISHED = {Internet Requests for Comments},
   TYPE="{RFC}",
   NUMBER=4861,
   YEAR = {2007},
   MONTH = {September},
   URL={https://tools.ietf.org/html/rfc4861}
}

@techreport{
        net_rec,
   AUTHOR = "{F. Gont}",
   TITLE = "{Network Reconnaissance in IPv6 Networks}",
   HOWPUBLISHED = {Internet Requests for Comments},
   TYPE="{RFC}",
   NUMBER=7707,
   YEAR = {2007},
   MONTH = {September},
   URL={https://tools.ietf.org/html/rfc7707}
}

@techreport{
        multicast,
   AUTHOR = "{R. Hinden}",
   TITLE = "{IPv6 Multicast Address Assignments}",
   HOWPUBLISHED = {Internet Requests for Comments},
   TYPE="{RFC}",
   NUMBER=2375,
   YEAR = {1998},
   MONTH = {July},
   URL={https://tools.ietf.org/html/rfc2375}
}


